% Intro
@article{bekenstein1973black,
  title={Black holes and entropy},
  author={Bekenstein, Jacob D},
  journal={Physical Review D},
  volume={7},
  number={8},
  pages={2333},
  year={1973},
  publisher={APS}
}


@article{abi2018dune,
  title={The DUNE far detector interim design report volume 1: physics, technology and strategies},
  author={Abi, B and Acciarri, R and Acero, MA and Adamowski, M and Adams, C and Adams, D and Adamson, P and Adinolfi, M and Ahmad, Z and Albright, CH and others},
  journal={arXiv preprint arXiv:1807.10334},
  year={2018}
}

@article{britton2014deal,
  title={How to deal with petabytes of data: the LHC Grid project},
  author={Britton, D and Lloyd, SL},
  journal={Reports on Progress in Physics},
  volume={77},
  number={6},
  pages={065902},
  year={2014},
  publisher={IOP Publishing}
}

@article{halliwell1985origin,
  title={Origin of structure in the universe},
  author={Halliwell, Jonathan J and Hawking, Stephen William},
  journal={Physical Review D},
  volume={31},
  number={8},
  pages={1777},
  year={1985},
  publisher={APS}
}

@article{bilenky2013neutrino,
  title={Neutrino. History of a unique particle},
  author={Bilenky, SM},
  journal={The European Physical Journal H},
  volume={38},
  number={3},
  pages={345--404},
  year={2013},
  publisher={Springer}
}

@article{gray2011cosmic,
  title={Cosmic ray muon flux at the Sanford Underground Laboratory at Homestake},
  author={Gray, FE and Ruybal, C and Totushek, J and Mei, D-M and Thomas, K and Zhang, C},
  journal={Nuclear Instruments and Methods in Physics Research Section A: Accelerators, Spectrometers, Detectors and Associated Equipment},
  volume={638},
  number={1},
  pages={63--66},
  year={2011},
  publisher={Elsevier}
}

@article{roberts2007aspects,
  title={Aspects of hadron physics},
  author={Roberts, Craig D and Bhagwat, MS and H{\"o}ll, A and Wright, SV},
  journal={The European Physical Journal Special Topics},
  volume={140},
  number={1},
  pages={53--116},
  year={2007},
  publisher={Springer}
}

@article{aiello2019sensitivity,
  title={Sensitivity of the KM3NeT/ARCA neutrino telescope to point-like neutrino sources},
  author={Aiello, Sebastiano and Akrame, SE and Ameli, F and Anassontzis, EG and Andre, Michel and Androulakis, G and Anghinolfi, Marco and Anton, G and Ardid, Miguel and Aublin, Julien and others},
  journal={Astroparticle Physics},
  volume={111},
  pages={100--110},
  year={2019},
  publisher={Elsevier}
}

@article{denby1999neural,
  title={Neural networks in high energy physics: a ten year perspective},
  author={Denby, Bruce},
  journal={Computer Physics Communications},
  volume={119},
  number={2-3},
  pages={219--231},
  year={1999},
  publisher={Elsevier}
}

@article{pearkes2017jet,
  title={Jet constituents for deep neural network based top quark tagging},
  author={Pearkes, Jannicke and Fedorko, Wojciech and Lister, Alison and Gay, Colin},
  journal={arXiv preprint arXiv:1704.02124},
  year={2017}
}
@article{puccini2018bosons,
  title={On the Bosonsâ€™ Range of the Weak Interaction},
  author={Puccini, Antonio},
  journal={Computer Physics Communications},
  year={2018}
}

@book{bahcall1989neutrino,
  title={Neutrino astrophysics},
  author={Bahcall, John N},
  year={1989},
  publisher={Cambridge University Press}
}

@article{ahmed1974discrete,
  title={Discrete cosine transform},
  author={Ahmed, Nasir and Natarajan, T\_ and Rao, Kamisetty R},
  journal={IEEE transactions on Computers},
  volume={100},
  number={1},
  pages={90--93},
  year={1974},
  publisher={IEEE}
}

@article{adamson2008study,
  title={Study of muon neutrino disappearance using the Fermilab Main Injector neutrino beam},
  author={Adamson, P and Andreopoulos, C and Arms, KE and Armstrong, R and Auty, DJ and Avvakumov, S and Ayres, DS and Baller, B and Barish, B and Barnes Jr, PD and others},
  journal={Physical Review D},
  volume={77},
  number={7},
  pages={072002},
  year={2008},
  publisher={APS}
}

@article{aguilar2017dark,
  title={Dark matter search in a proton beam dump with MiniBooNE},
  author={Aguilar-Arevalo, AA and Backfish, M and Bashyal, A and Batell, B and Brown, BC and Carr, R and Chatterjee, A and Cooper, RL and Deniverville, P and Dharmapalan, R and others},
  journal={Physical review letters},
  volume={118},
  number={22},
  pages={221803},
  year={2017},
  publisher={APS}
}

@article{voss1994electron,
  title={The electron-proton collider HERA},
  author={Voss, GA and Wiik, BH},
  journal={Annual Review of Nuclear and Particle Science},
  volume={44},
  number={1},
  pages={413--452},
  year={1994},
  publisher={Annual Reviews 4139 El Camino Way, PO Box 10139, Palo Alto, CA 94303-0139, USA}
}

@article{chatrchyan2010performance,
  title={Performance of the CMS Level-1 trigger during commissioning with cosmic ray muons and LHC beams},
  author={Chatrchyan, Serguei and Khachatryan, V and Sirunyan, AM and Adam, W and Arnold, B and Bergauer, H and Bergauer, T and Dragicevic, M and Eichberger, M and Ero, J and others},
  journal={Journal of Instrumentation},
  volume={5},
  year={2010},
  publisher={Iop Publishing Ltd}
}

@article{abramowicz1995neural,
  title={Neural network based electron identification in the ZEUS calorimeter},
  author={Abramowicz, Halina and Caldwell, Allen and Sinkus, Ralph},
  journal={Nuclear Instruments and Methods in Physics Research Section A: Accelerators, Spectrometers, Detectors and Associated Equipment},
  volume={365},
  number={2-3},
  pages={508--517},
  year={1995},
  publisher={Elsevier}
}

@article{bellotti1993comparison,
  title={A comparison between a neural network and the likelihood method to evaluate the performance of a transition radiation detector},
  author={Bellotti, R and Castellano, M and De Marzo, C and Giglietto, N and Pasquariello, G and Spinelli, P},
  journal={Computer physics communications},
  volume={78},
  number={1-2},
  pages={17--22},
  year={1993},
  publisher={Elsevier}
}

@incollection{bottou2010large,
  title={Large-scale machine learning with stochastic gradient descent},
  author={Bottou, L{\'e}on},
  booktitle={Proceedings of COMPSTAT'2010},
  pages={177--186},
  year={2010},
  publisher={Springer}
}

@article{edelen2016neural,
  title={Neural networks for modeling and control of particle accelerators},
  author={Edelen, AL and Biedron, SG and Chase, BE and Edstrom, D and Milton, SV and Stabile, P},
  journal={IEEE Transactions on Nuclear Science},
  volume={63},
  number={2},
  pages={878--897},
  year={2016},
  publisher={IEEE}
}

@article{roberts1992birth,
  title={The birth of high-energy neutrino astronomy: A personal history of the DUMAND project},
  author={Roberts, Arthur},
  journal={Reviews of Modern Physics},
  volume={64},
  number={1},
  pages={259},
  year={1992},
  publisher={APS}
}


@article{backgroundneutrino,
  title={Neutrino physics: fundamentals of neutrino oscillations},
  author={Kim, CW},
  journal={arXiv preprint hep-ph/9607391},
  year={1996}
}

@article{tanaka2020search,
  title={Search for proton decay into three charged leptons in 0.37 megaton-years exposure of the Super-Kamiokande},
  author={Tanaka, Masahiro and Abe, K and Bronner, C and Hayato, Y and Ikeda, M and Imaizumi, S and Ito, H and Kameda, J and Kataoka, Y and Kato, Y and others},
  journal={Physical Review D},
  volume={101},
  number={5},
  pages={052011},
  year={2020},
  publisher={APS}
}

@article{aharmim2013combined,
  title={Combined analysis of all three phases of solar neutrino data from the Sudbury Neutrino Observatory},
  author={Aharmim, B and Ahmed, SN and Anthony, AE and Barros, N and Beier, EW and Bellerive, Alain and Beltran, B and Bergevin, M and Biller, SD and Boudjemline, K and others},
  journal={Physical Review C},
  volume={88},
  number={2},
  pages={025501},
  year={2013},
  publisher={APS}
}

@article{acero2019first,
  title={First measurement of neutrino oscillation parameters using neutrinos and antineutrinos by NOvA},
  author={Acero, Mario A and Adamson, P and Aliaga, L and Alion, T and Allakhverdian, V and Altakarli, S and Anfimov, N and Antoshkin, A and Aurisano, A and Back, A and others},
  journal={Physical review letters},
  volume={123},
  number={15},
  pages={151803},
  year={2019},
  publisher={APS}
}

@article{albert2020antares,
  title={ANTARES and IceCube Combined Search for Neutrino Point-like and Extended Sources in the Southern Sky},
  author={Albert, A and Andr{\'e}, M and Anghinolfi, M and Anton, G and Ardid, M and Aubert, J-J and Aublin, J and Baret, B and Basa, S and Belhorma, B and others},
  journal={arXiv preprint arXiv:2001.04412},
  year={2020}
}

@misc{karas_2019,
    title={Data processing pipeline for the KM3NeT neutrino telescope},
    author={Karas, Konrad},
    year={2019}
} 
 
 
@misc{km3net_2017,
    title={A Letter of Intent for KM3NeT 2.0},  
    author={Martinez, Adrian et al.},
    url={https://www.km3net.org/letter-of-intent-for-km3net-2-0/}, journal={KM3NeT},
    year={2017},
    month={Apr}
} 
 
@inproceedings{qi2017pointnet,
  title={Pointnet: Deep learning on point sets for 3d classification and segmentation},
  author={Qi, Charles R and Su, Hao and Mo, Kaichun and Guibas, Leonidas J},
  booktitle={Proceedings of the IEEE conference on computer vision and pattern recognition},
  pages={652--660},
  year={2017}
}

% Literature Study
@article{aurisano2016convolutional,
  title={A convolutional neural network neutrino event classifier},
  author={Aurisano, A and Radovic, A and Rocco, D and Himmel, A and Messier, MD and Niner, E and Pawloski, G and Psihas, F and Sousa, Alexandre and Vahle, P},
  journal={Journal of Instrumentation},
  volume={11},
  number={09},
  pages={P09001},
  year={2016},
  publisher={IOP Publishing}
}



@article{baldi2014searching,
  title={Searching for exotic particles in high-energy physics with deep learning},
  author={Baldi, Pierre and Sadowski, Peter and Whiteson, Daniel},
  journal={Nature communications},
  volume={5},
  pages={4308},
  year={2014},
  publisher={Nature Publishing Group}
}

@article{szadkowski2015artificial,
  title={Artificial neural network as a FPGA trigger for a detection of very inclined air showers},
  author={Szadkowski, Zbigniew and Pytel, Krzysztof},
  journal={IEEE Transactions on Nuclear Science},
  volume={62},
  number={3},
  pages={1002--1009},
  year={2015},
  publisher={IEEE}
}

@article{szadkowski2009spectral,
  title={A spectral 1st level FPGA trigger for detection of very inclined showers based on a 16-point Discrete Cosine Transform for the Pierre Auger Observatory},
  author={Szadkowski, Z},
  journal={Nuclear Instruments and Methods in Physics Research Section A: Accelerators, Spectrometers, Detectors and Associated Equipment},
  volume={606},
  number={3},
  pages={330--343},
  year={2009},
  publisher={Elsevier}
}

@article{acciarri2016long,
  title={Long-baseline neutrino facility (LBNF) and deep underground neutrino experiment (DUNE) conceptual design report, volume 4 the DUNE detectors at LBNF},
  author={Acciarri, R and Acero, MA and Adamowski, M and Adams, C and Adamson, P and Adhikari, S and Ahmad, Z and Albright, CH and Alion, T and Amador, E and others},
  journal={arXiv preprint arXiv:1601.02984},
  year={2016}
}

@article{collaboration2016convolutional,
  title={Convolutional Neural Networks Applied to Neutrino Events in a Liquid Argon Time Projection Chamber},
  author={Collaboration, MicroBooNE},
  journal={arXiv preprint arXiv:1611.05531},
  year={2016}
}

@article{collaboration2019deep,
  title={Deep neural network for pixel-level electromagnetic particle identification in the MicroBooNE liquid argon time projection chamber},
  author={Collaboration, MicroBooNE and Adams, C and Alrashed, M and An, R and Anthony, J and Asaadi, J and Ashkenazi, A and Auger, M and Balasubramanian, S and Baller, B and others},
  journal={Physical Review D},
  volume={99},
  number={9},
  pages={092001},
  year={2019},
  publisher={APS}
}

@inproceedings{choma2018graph,
  title={Graph neural networks for icecube signal classification},
  author={Choma, Nicholas and Monti, Federico and Gerhardt, Lisa and Palczewski, Tomasz and Ronaghi, Zahra and Prabhat, Prabhat and Bhimji, Wahid and Bronstein, Michael and Klein, Spencer and Bruna, Joan},
  booktitle={2018 17th IEEE International Conference on Machine Learning and Applications (ICMLA)},
  pages={386--391},
  year={2018},
  organization={IEEE}
}

@article{zhang2008new,
  title={A new sub-pixel mapping algorithm based on a BP neural network with an observation model},
  author={Zhang, Liangpei and Wu, Ke and Zhong, Yanfei and Li, Pingxiang},
  journal={Neurocomputing},
  volume={71},
  number={10-12},
  pages={2046--2054},
  year={2008},
  publisher={Elsevier}
}

@article{icecube2013evidence,
  title={Evidence for high-energy extraterrestrial neutrinos at the IceCube detector},
  author={IceCube Collaboration and others},
  journal={Science},
  volume={342},
  number={6161},
  pages={1242856},
  year={2013},
  publisher={American Association for the Advancement of Science}
}

@article{acciarri2017convolutional,
  title={Convolutional neural networks applied to neutrino events in a liquid argon time projection chamber},
  author={Acciarri, R and Adams, C and An, R and Asaadi, J and Auger, M and Bagby, L and Baller, B and Barr, G and Bass, M and Bay, F and others},
  journal={Journal of instrumentation},
  volume={12},
  number={03},
  pages={P03011},
  year={2017},
  publisher={IOP Publishing}
}
@inproceedings{racah2016revealing,
  title={Revealing fundamental physics from the Daya Bay Neutrino Experiment using deep neural networks},
  author={Racah, Evan and Ko, Seyoon and Sadowski, Peter and Bhimji, Wahid and Tull, Craig and Oh, Sang-Yun and Baldi, Pierre and others},
  booktitle={2016 15th IEEE International Conference on Machine Learning and Applications (ICMLA)},
  pages={892--897},
  year={2016},
  organization={IEEE}
}

% Relevant Concepts

@article{10.1145/3326362,
    author = {Wang, Yue and Sun, Yongbin and Liu, Ziwei and Sarma, Sanjay E. and Bronstein, Michael M. and Solomon, Justin M.},
    title = {Dynamic Graph CNN for Learning on Point Clouds},
    year = {2019},
    issue_date = {November 2019},
    publisher = {Association for Computing Machinery},
    address = {New York, NY, USA},
    volume = {38},
    number = {5},
    issn = {0730-0301},
    url = {https://doi-org.vu-nl.idm.oclc.org/10.1145/3326362},
    doi = {10.1145/3326362},
    abstract = {Point clouds provide a flexible geometric representation suitable for countless applications in computer graphics; they also comprise the raw output of most 3D data acquisition devices. While hand-designed features on point clouds have long been proposed in graphics and vision, however, the recent overwhelming success of convolutional neural networks (CNNs) for image analysis suggests the value of adapting insight from CNN to the point cloud world. Point clouds inherently lack topological information, so designing a model to recover topology can enrich the representation power of point clouds. To this end, we propose a new neural network module dubbed EdgeConv suitable for CNN-based high-level tasks on point clouds, including classification and segmentation. EdgeConv acts on graphs dynamically computed in each layer of the network. It is differentiable and can be plugged into existing architectures. Compared to existing modules operating in extrinsic space or treating each point independently, EdgeConv has several appealing properties: It incorporates local neighborhood information; it can be stacked applied to learn global shape properties; and in multi-layer systems affinity in feature space captures semantic characteristics over potentially long distances in the original embedding. We show the performance of our model on standard benchmarks, including ModelNet40, ShapeNetPart, and S3DIS.},
    journal = {ACM Trans. Graph.},
    month = oct,
    articleno = {146},
    numpages = {12},
    keywords = {segmentation, classification, Point cloud}
}

@misc{ian2016deep,
  title={Deep Learning (Adaptive Computation and Machine Learning series)},
  author={Ian, Goodfellow and Aaron, Courville},
  year={2016},
  publisher={The MIT Press}
}

% Data Exploration
 @misc{km3net_sensor,
    title={KM3Net: The sensors}, url={https://www.km3net.org/research/detector/sensors/}, journal={KM3NeT},
    year={2017},
    month={May}
} 

@article{waskom2020seaborn,
    author={Michael Waskom and the seaborn development team},
    journal={Journal of Machine Learning Research},
    volume={12},
    pages={2825--2830},
    title={mwaskom/seaborn},
    month=sep,
    year=2020,
    publisher={Zenodo},
    version={latest},
    doi={10.5281/zenodo.592845},
    url={https://doi.org/10.5281/zenodo.592845},
}

@article {eklund2012beeswarm,
  title = {Beeswarm: the bee swarm plot, an alternative to stripchart},
  author = {Eklund, Aron},
  journal = {R package version 0.1},
  volume = {5},
  year = {2012}
}

% Pipeline
@article{otomo2014direct,
  title={Direct construction of a four-dimensional mesh model from a three-dimensional object with continuous rigid body movement},
  author={Otomo, Ikuru and Onosato, Masahiko and Tanaka, Fumiki},
  journal={Journal of Computational Design and Engineering},
  volume={1},
  number={2},
  pages={96--102},
  year={2014},
  publisher={Oxford University Press}
}

@article{guyon2003introduction,
  title={An introduction to variable and feature selection},
  author={Guyon, Isabelle and Elisseeff, Andr{\'e}},
  journal={Journal of machine learning research},
  volume={3},
  number={Mar},
  pages={1157--1182},
  year={2003}
}

@article{cui2018flexible,
  title={Flexible point cloud matching method based on three-dimensional image feature points},
  author={Cui, Haihua and Liao, Wenhe and Cheng, Xiaosheng and Dai, Ning and Guo, Changye},
  journal={Advances in Mechanical Engineering},
  volume={10},
  number={9},
  pages={1687814018795032},
  year={2018},
  publisher={SAGE Publications Sage UK: London, England}
}

@inproceedings{LocalChapterEvents:ItalChap:ItalianChapConf2008:129-136,         booktitle = {Eurographics Italian Chapter Conference},
    editor = {Vittorio Scarano and Rosario De Chiara and Ugo Erra},
    title = {{MeshLab: an Open-Source Mesh Processing Tool}},
    author = {Cignoni, Paolo and Callieri, Marco and Corsini, Massimiliano and Dellepiane, Matteo and Ganovelli, Fabio and Ranzuglia, Guido},
    year = {2008},
    publisher = {The Eurographics Association},
    ISBN = {978-3-905673-68-5},
    DOI = {10.2312/LocalChapterEvents/ItalChap/ItalianChapConf2008/129-136} 
}

@misc{qi2016hedged,
  title={Hedged Deep Tracking. Computer Vision and Pattern Recognition},
  author={Qi, Yuankai and Zhang, Shengping and Qin, Lei and others},
  year={2016},
  publisher={IEEE}
}

@article{lipman2007parameterization,
  title={Parameterization-free projection for geometry reconstruction},
  author={Lipman, Yaron and Cohen-Or, Daniel and Levin, David and Tal-Ezer, Hillel},
  journal={ACM Transactions on Graphics (TOG)},
  volume={26},
  number={3},
  pages={22--es},
  year={2007},
  publisher={ACM New York, NY, USA}
}

@article{kobbelt2004survey,
  title={A survey of point-based techniques in computer graphics},
  author={Kobbelt, Leif and Botsch, Mario},
  journal={Computers \& Graphics},
  volume={28},
  number={6},
  pages={801--814},
  year={2004},
  publisher={Elsevier}
}

@article{ning2018efficient,
  title={An efficient outlier removal method for scattered point cloud data},
  author={Ning, Xiaojuan and Li, Fan and Tian, Ge and Wang, Yinghui},
  journal={PloS one},
  volume={13},
  number={8},
  pages={e0201280},
  year={2018},
  publisher={Public Library of Science San Francisco, CA USA}
}

@article{li2019overlapping,
  title={An overlapping-free leaf segmentation method for plant point clouds},
  author={Li, Dawei and Cao, Yan and Shi, Guoliang and Cai, Xin and Chen, Yang and Wang, Sifan and Yan, Siyuan},
  journal={IEEE Access},
  volume={7},
  pages={129054--129070},
  year={2019},
  publisher={IEEE}
}

@article{zhou2018open3d,
  title={Open3D: A modern library for 3D data processing},
  author={Zhou, Qian-Yi and Park, Jaesik and Koltun, Vladlen},
  journal={arXiv preprint arXiv:1801.09847},
  year={2018}
}

@inproceedings{mitra2003estimating,
  title={Estimating surface normals in noisy point cloud data},
  author={Mitra, Niloy J and Nguyen, An},
  booktitle={Proceedings of the nineteenth annual symposium on Computational geometry},
  pages={322--328},
  year={2003}
}

@article{kim2006complete,
  title={Complete 3D surface reconstruction from unstructured point cloud},
  author={Kim, Seok-Il and Li, Rixie},
  journal={Journal of mechanical science and technology},
  volume={20},
  number={12},
  pages={2034--2042},
  year={2006},
  publisher={Springer}
}

@article{bernardini1999ball,
  title={The ball-pivoting algorithm for surface reconstruction},
  author={Bernardini, Fausto and Mittleman, Joshua and Rushmeier, Holly and Silva, Cl{\'a}udio and Taubin, Gabriel},
  journal={IEEE transactions on visualization and computer graphics},
  volume={5},
  number={4},
  pages={349--359},
  year={1999},
  publisher={IEEE}
}

@inproceedings{kazhdan2006poisson,
  title={Poisson surface reconstruction},
  author={Kazhdan, Michael and Bolitho, Matthew and Hoppe, Hugues},
  booktitle={Proceedings of the fourth Eurographics symposium on Geometry processing},
  volume={7},
  year={2006}
}

@article{lin2013network,
  title={Network in network},
  author={Lin, Min and Chen, Qiang and Yan, Shuicheng},
  journal={arXiv preprint arXiv:1312.4400},
  year={2013}
}

@inproceedings{paszke2019pytorch,
  title={Pytorch: An imperative style, high-performance deep learning library},
  author={Paszke, Adam and Gross, Sam and Massa, Francisco and Lerer, Adam and Bradbury, James and Chanan, Gregory and Killeen, Trevor and Lin, Zeming and Gimelshein, Natalia and Antiga, Luca and others},
  booktitle={Advances in neural information processing systems},
  pages={8026--8037},
  year={2019}
}

@incollection{goodfellow2016convolutional,
  title={Convolutional networks},
  author={Goodfellow, Ian and Bengio, Yoshua and Courville, Aaron},
  booktitle={Deep learning},
  volume={2016},
  pages={330--372},
  year={2016},
  publisher={MIT Press Cambridge, MA}
}

% Evaluation
@article{bhowan2012evolving,
  title={Evolving diverse ensembles using genetic programming for classification with unbalanced data},
  author={Bhowan, Urvesh and Johnston, Mark and Zhang, Mengjie and Yao, Xin},
  journal={IEEE Transactions on Evolutionary Computation},
  volume={17},
  number={3},
  pages={368--386},
  year={2012},
  publisher={IEEE}
}

@article{witten2002data,
  title={Data mining: practical machine learning tools and techniques with Java implementations},
  author={Witten, Ian H and Frank, Eibe},
  journal={Acm Sigmod Record},
  volume={31},
  number={1},
  pages={76--77},
  year={2002},
  publisher={ACM New York, NY, USA}
}

@book{james2013introduction,
  title={An introduction to statistical learning},
  author={James, Gareth and Witten, Daniela and Hastie, Trevor and Tibshirani, Robert},
  volume={112},
  year={2013},
  publisher={Springer}
}

@article{dixon2017deep,
  title={Deep learning for spatio-temporal modeling: Dynamic traffic flows and high frequency trading},
  author={Dixon, Matthew F and Polson, Nicholas G and Sokolov, Vadim O},
  journal={arXiv preprint arXiv:1705.09851},
  year={2017}
}

% Results
@inproceedings{jaffery2009measuring,
  title={Measuring campaign performance by using cumulative gain and lift chart},
  author={Jaffery, Tariq and Liu, Shirley X},
  booktitle={SAS Global Forum},
  pages={196},
  year={2009}
}

@article{strubell2019energy,
  title={Energy and policy considerations for deep learning in NLP},
  author={Strubell, Emma and Ganesh, Ananya and McCallum, Andrew},
  journal={arXiv preprint arXiv:1906.02243},
  year={2019}
}

@article{scikit-learn,
 title={Scikit-learn: Machine Learning in {P}ython},
 author={Pedregosa, F. and Varoquaux, G. and Gramfort, A. and Michel, V.
         and Thirion, B. and Grisel, O. and Blondel, M. and Prettenhofer, P.
         and Weiss, R. and Dubourg, V. and Vanderplas, J. and Passos, A. and
         Cournapeau, D. and Brucher, M. and Perrot, M. and Duchesnay, E.},
 journal={Journal of Machine Learning Research},
 volume={12},
 pages={2825--2830},
 year={2011}
}

@article{hossin2015review,
  title={A review on evaluation metrics for data classification evaluations},
  author={Hossin, Mohammad and Sulaiman, MN},
  journal={International Journal of Data Mining \& Knowledge Management Process},
  volume={5},
  number={2},
  pages={1},
  year={2015},
  publisher={Academy \& Industry Research Collaboration Center (AIRCC)}
}

@article{anthony2020carbontracker,
  title={Carbontracker: Tracking and predicting the carbon footprint of training deep learning models},
  author={Anthony, Lasse F Wolff and Kanding, Benjamin and Selvan, Raghavendra},
  journal={arXiv preprint arXiv:2007.03051},
  year={2020}
}

@book{cheng2014professional,
  title={Professional CUDA c programming},
  author={Cheng, John and Grossman, Max and McKercher, Ty},
  year={2014},
  publisher={John Wiley \& Sons}
}

@article{yang2020note,
  title={A Note on Latency Variability of Deep Neural Networks for Mobile Inference},
  author={Yang, Luting and Lu, Bingqian and Ren, Shaolei},
  journal={arXiv preprint arXiv:2003.00138},
  year={2020}
}

@techreport{teich2018plaster,
  title={PLASTER: A Framework for Deep Learning Performance},
  author={Teich, David A and Teich, Paul R},
  year={2018},
  institution={Tech. rep. TIRIAS Research}
}

@inproceedings{hanhirova2018latency,
  title={Latency and throughput characterization of convolutional neural networks for mobile computer vision},
  author={Hanhirova, Jussi and K{\"a}m{\"a}r{\"a}inen, Teemu and Sepp{\"a}l{\"a}, Sipi and Siekkinen, Matti and Hirvisalo, Vesa and Yl{\"a}-J{\"a}{\"a}ski, Antti},
  booktitle={Proceedings of the 9th ACM Multimedia Systems Conference},
  pages={204--215},
  year={2018}
}

% Additional
@book{montgomery2012introduction,
  title={Introduction to linear regression analysis},
  author={Montgomery, Douglas C and Peck, Elizabeth A and Vining, G Geoffrey},
  volume={821},
  year={2012},
  publisher={John Wiley \& Sons}
}

@article{abbasi2011measurement,
  title={Measurement of the atmospheric neutrino energy spectrum from 100 GeV to 400 TeV with IceCube},
  author={Abbasi, Rasha and Abdou, Yasser and Abu-Zayyad, T and Adams, J and Aguilar, JA and Ahlers, M and Andeen, K and Auffenberg, J and Bai, X and Baker, M and others},
  journal={Physical Review D},
  volume={83},
  number={1},
  pages={012001},
  year={2011},
  publisher={APS}
}

@inproceedings{hieronymus2020reconstruction,
  title={Reconstruction of Low Energy Neutrino Events with GPUs at IceCube},
  author={Hieronymus, Maicon and Schmidt, Bertil and B{\"o}ser, Sebastian},
  booktitle={International Conference on Computational Science},
  pages={118--131},
  year={2020},
  organization={Springer}
}

@article{shmueli2010explain,
  title={To explain or to predict?},
  author={Shmueli, Galit and others},
  journal={Statistical science},
  volume={25},
  number={3},
  pages={289--310},
  year={2010},
  publisher={Institute of Mathematical Statistics}
}

@article{breiman1984classification,
  title={Classification and regression trees. Belmont, CA: Wadsworth},
  author={Breiman, Leo and Friedman, Jerome H and Olshen, Richard A and Stone, Charles J},
  journal={International Group},
  volume={432},
  pages={151--166},
  year={1984}
}

@article{kraskov2011erratum,
  title={Erratum: estimating mutual information [Phys. Rev. E 69, 066138 (2004)]},
  author={Kraskov, Alexander and St{\"o}gbauer, Harald and Grassberger, Peter},
  journal={Physical Review E},
  volume={83},
  number={1},
  pages={019903},
  year={2011},
  publisher={APS}
}

@incollection{ruppert1985data,
  title={Data Transformations in Regression Analysis with Applications to Stockâ€”Recruitment Relationships},
  author={Ruppert, David and Carroll, Raymond J},
  booktitle={Resource Management},
  pages={29--47},
  year={1985},
  publisher={Springer}
}

@article{osborne2002notes,
  title={Notes on the use of data transformations},
  author={Osborne, Jason},
  journal={Practical assessment, research, and evaluation},
  volume={8},
  number={1},
  pages={6},
  year={2002}
}

@article{box1964analysis,
  title={An analysis of transformations},
  author={Box, George EP and Cox, David R},
  journal={Journal of the Royal Statistical Society: Series B (Methodological)},
  volume={26},
  number={2},
  pages={211--243},
  year={1964},
  publisher={Wiley Online Library}
}

@inproceedings{aoki2019pointnetlk,
  title={Pointnetlk: Robust \& efficient point cloud registration using pointnet},
  author={Aoki, Yasuhiro and Goforth, Hunter and Srivatsan, Rangaprasad Arun and Lucey, Simon},
  booktitle={Proceedings of the IEEE Conference on Computer Vision and Pattern Recognition},
  pages={7163--7172},
  year={2019}
}

@inproceedings{ge2018hand,
  title={Hand pointnet: 3d hand pose estimation using point sets},
  author={Ge, Liuhao and Cai, Yujun and Weng, Junwu and Yuan, Junsong},
  booktitle={Proceedings of the IEEE Conference on Computer Vision and Pattern Recognition},
  pages={8417--8426},
  year={2018}
}

@inproceedings{garcia2016pointnet,
  title={Pointnet: A 3d convolutional neural network for real-time object class recognition},
  author={Garcia-Garcia, Alberto and Gomez-Donoso, Francisco and Garcia-Rodriguez, Jose and Orts-Escolano, Sergio and Cazorla, Miguel and Azorin-Lopez, J},
  booktitle={2016 International Joint Conference on Neural Networks (IJCNN)},
  pages={1578--1584},
  year={2016},
  organization={IEEE}
}
% conclusion
@inproceedings{rakotosaona2020pointcleannet,
  title={Pointcleannet: Learning to denoise and remove outliers from dense point clouds},
  author={Rakotosaona, Marie-Julie and La Barbera, Vittorio and Guerrero, Paul and Mitra, Niloy J and Ovsjanikov, Maks},
  booktitle={Computer Graphics Forum},
  volume={39},
  pages={185--203},
  year={2020},
  organization={Wiley Online Library}
}

@article{breiman1996bagging,
  title={Bagging predictors},
  author={Breiman, Leo},
  journal={Machine learning},
  volume={24},
  number={2},
  pages={123--140},
  year={1996},
  publisher={Springer}
}

@inproceedings{qi2017pointnet++,
  title={Pointnet++: Deep hierarchical feature learning on point sets in a metric space},
  author={Qi, Charles Ruizhongtai and Yi, Li and Su, Hao and Guibas, Leonidas J},
  booktitle={Advances in neural information processing systems},
  pages={5099--5108},
  year={2017}
}

@article{d2018flavor,
  title={Flavor and energy inference for the high-energy IceCube neutrinos},
  author={Dâ€™Amico, Giacomo},
  journal={Astroparticle Physics},
  volume={101},
  pages={8--16},
  year={2018},
  publisher={Elsevier}
}

@article{dietterich1995overfitting,
  title={Overfitting and undercomputing in machine learning},
  author={Dietterich, Tom},
  journal={ACM computing surveys (CSUR)},
  volume={27},
  number={3},
  pages={326--327},
  year={1995},
  publisher={ACM New York, NY, USA}
}